<?xml version="1.0" encoding="UTF-8"?><collection xmlns="http://www.loc.gov/MARC21/slim"><record><leader>00391nam--2200133-i-4500</leader><controlfield tag="001">000037517</controlfield><controlfield tag="002">20161230</controlfield><controlfield tag="005">20161230201041</controlfield><controlfield tag="008">060222s1000------------r-----000-0-eng-d</controlfield><datafield ind1=" " ind2=" " tag="080"><subfield code="a">530.145.6(061.3)</subfield></datafield><datafield ind1=" " ind2=" " tag="245"><subfield code="a">Quantum mechanics in mathematics, chemistry and physics</subfield></datafield><datafield ind1=" " ind2=" " tag="260"><subfield code="a">New York, Plenum Press, 1981, Ix + 506p</subfield></datafield><datafield ind1=" " ind2=" " tag="700"><subfield code="a">Gustafson, Karl E.And Reinhardt, William D</subfield></datafield><datafield ind1=" " ind2=" " tag="852"><subfield code="a">70203</subfield></datafield></record></collection>